<?xml version="1.0" encoding="UTF-8"?><record xmlns="http://www.loc.gov/MARC21/slim" xmlns:cinclude="http://apache.org/cocoon/include/1.0" xmlns:zs="http://www.loc.gov/zing/srw/">
  <leader>00463cz  a2200121n  4500</leader>
  <controlfield tag="001">n 2011063897</controlfield>
  <controlfield tag="003">DLC</controlfield>
  <controlfield tag="005">20110916074954.0</controlfield>
  <controlfield tag="008">110915n| acannaabn          |n aaa      </controlfield>
  <datafield tag="010" ind1=" " ind2=" ">
    <subfield code="a">n 2011063897</subfield>
  </datafield>
  <datafield tag="040" ind1=" " ind2=" ">
    <subfield code="a">DLC</subfield>
    <subfield code="b">eng</subfield>
    <subfield code="c">DLC</subfield>
  </datafield>
  <datafield tag="100" ind1="1" ind2=" ">
    <subfield code="a">Hald, Kim Sundtoft</subfield>
  </datafield>
  <datafield tag="670" ind1=" " ind2=" ">
    <subfield code="a">Strategic supply chain management, 2012:</subfield>
    <subfield code="b">ECIP t.p. (Kim Sundtoft Hald) data view screen (Associate Professor in Supply Chain Management and Performance Management at Copenhagen Business School, Denmark)</subfield>
  </datafield>
</record>